@article{Polykovskiy2020,
  title={{M}olecular {S}ets ({MOSES}): {A} {B}enchmarking {P}latform for {M}olecular {G}eneration {M}odels},
  author={Polykovskiy, Daniil and Zhebrak, Alexander and Sanchez-Lengeling, Benjamin and Golovanov, Sergey and Tatanov, Oktai and Belyaev, Stanislav and Kurbanov, Rauf and Artamonov, Aleksey and Aladinskiy, Vladimir and Veselov, Mark and Kadurin, Artur and Johansson, Simon and Chen, Hongming and Nikolenko, Sergey and Aspuru-Guzik, Alan and Zhavoronkov, Alex},
  journal={Frontiers in Pharmacology},
  volume={11},
  pages={565644},
  year={2020},
  doi={10.3389/fphar.2020.565644}
}

@article{DiMasi2016,
  title={Innovation in the pharmaceutical industry: New estimates of R\&D costs},
  author={DiMasi, Joseph A and Grabowski, Henry G and Hansen, Ronald W},
  journal={Journal of Health Economics},
  volume={47},
  pages={20--33},
  year={2016},
  publisher={Elsevier}
}

@article{Waring2015,
  title={An analysis of the attrition of drug candidates from four major pharmaceutical companies},
  author={Waring, Michael J and Arrowsmith, John and Leach, Andrew R and Leeson, Paul D and Mandrell, Sam and Owen, Robert M and Pairaudeau, Garry and Pennie, William D and Pickett, Stephen D and Wang, Jibo and others},
  journal={Nature Reviews Drug Discovery},
  volume={14},
  number={7},
  pages={475--486},
  year={2015},
  publisher={Nature Publishing Group}
}

@article{Schneider2020,
  title={Rethinking drug design in the artificial intelligence era},
  author={Schneider, Gisbert},
  journal={Nature Reviews Drug Discovery},
  volume={19},
  number={5},
  pages={353--364},
  year={2020},
  publisher={Nature Publishing Group}
}

@article{Vamathevan2019,
  title={Applications of machine learning in drug discovery and development},
  author={Vamathevan, Jessica and Clark, Dominic and Czodrowski, Paul and Dunham, Ian and Ferran, Edgardo and Lee, George and Li, Bin and Madabhushi, Anant and Shah, Parantu and Spitzer, Michaela and others},
  journal={Nature Reviews Drug Discovery},
  volume={18},
  number={6},
  pages={463--477},
  year={2019},
  publisher={Nature Publishing Group}
}

@article{Elton2019,
  title={Deep learning for molecular design—a review of the state of the art},
  author={Elton, Daniel C and Boukouvalas, Zois and Fuge, Mark D and Chung, Peter W},
  journal={Molecular Systems Design \& Engineering},
  volume={4},
  number={4},
  pages={828--849},
  year={2019},
  publisher={Royal Society of Chemistry}
}

@article{Sanchez-Lengeling2018,
  title={Inverse molecular design using machine learning: Generative models for matter engineering},
  author={Sanchez-Lengeling, Benjamin and Aspuru-Guzik, Alan},
  journal={Science},
  volume={361},
  number={6400},
  pages={360--365},
  year={2018},
  publisher={American Association for the Advancement of Science}
}

@article{Segler2018,
  title={Generating focused molecule libraries for drug discovery with recurrent neural networks},
  author={Segler, Marwin HS and Kogej, Thierry and Tyrchan, Christian and Waller, Mark P},
  journal={ACS Central Science},
  volume={4},
  number={1},
  pages={120--131},
  year={2018},
  publisher={ACS Publications}
}

@article{Zhavoronkov2019,
  title={Deep learning enables rapid identification of potent DDR1 kinase inhibitors},
  author={Zhavoronkov, Alex and Ivanenkov, Yan A and Aliper, Alex and Veselov, Mark S and Aladinskiy, Vladimir A and Aladinskaya, Anastasiya V and Terentiev, Victor A and Polykovskiy, Daniil A and Kuznetsov, Maksim D and Asadulaev, Arip and others},
  journal={Nature Biotechnology},
  volume={37},
  number={9},
  pages={1038--1040},
  year={2019},
  publisher={Nature Publishing Group}
}

@article{Brown2019,
  title={GuacaMol: Benchmarking models for de novo molecular design},
  author={Brown, Nathan and Fiscato, Marco and Segler, Marwin HS and Vaucher, Alain C},
  journal={Journal of Chemical Information and Modeling},
  volume={59},
  number={3},
  pages={1096--1108},
  year={2019},
  publisher={ACS Publications}
}

@article{Nantasenamat2010,
  title={A practical overview of quantitative structure-activity relationship},
  author={Nantasenamat, Chanin and Isarankura-Na-Ayudhya, Chartchalerm and Prachayasittikul, Virapong},
  journal={EXCLI Journal},
  volume={9},
  pages={1--23},
  year={2010}
}

@article{Weininger1988,
  title={SMILES, a chemical language and information system. 1. Introduction to methodology and encoding rules},
  author={Weininger, David},
  journal={Journal of Chemical Information and Computer Sciences},
  volume={28},
  number={1},
  pages={31--36},
  year={1988},
  publisher={ACS Publications}
}

@article{Duvenaud2015,
  title={Convolutional networks on graphs for learning molecular fingerprints},
  author={Duvenaud, David K and Maclaurin, Dougal and Iparraguirre, Jorge and Bombarell, Rafael and Hirzel, Timothy and Aspuru-Guzik, Alan and Adams, Ryan P},
  journal={Advances in Neural Information Processing Systems},
  volume={28},
  year={2015}
}

@article{Rogers2010,
  title={Extended-connectivity fingerprints},
  author={Rogers, David and Hahn, Mathew},
  journal={Journal of Chemical Information and Modeling},
  volume={50},
  number={5},
  pages={742--754},
  year={2010},
  publisher={ACS Publications}
}

@article{Kuzminykh2018,
  title={3D molecular representations based on the wave transform for convolutional neural networks},
  author={Kuzminykh, Dmytro and Polykovskiy, Daniil and Kadurin, Artur and Zhebrak, Alexander and Baskov, Ivan and Nikolenko, Sergey and Shayakhmetov, Rim and Zhavoronkov, Alex},
  journal={Molecular Pharmaceutics},
  volume={15},
  number={10},
  pages={4378--4385},
  year={2018},
  publisher={ACS Publications}
}

@article{Gupta2018,
  title={Generative recurrent networks for de novo drug design},
  author={Gupta, Anvita and M{\"u}ller, Alex T and Huisman, Berend JH and Fuchs, Jens A and Schneider, Petra and Schneider, Gisbert},
  journal={Molecular Informatics},
  volume={37},
  number={1-2},
  pages={1700111},
  year={2018},
  publisher={Wiley Online Library}
}

@article{Gomez-Bombarelli2018,
  title={Automatic chemical design using a data-driven continuous representation of molecules},
  author={G{\'o}mez-Bombarelli, Rafael and Wei, Jennifer N and Duvenaud, David and Hern{\'a}ndez-Lobato, Jos{\'e} Miguel and S{\'a}nchez-Lengeling, Benjamin and Sheberla, Dennis and Aguilera-Iparraguirre, Jorge and Hirzel, Timothy D and Adams, Ryan P and Aspuru-Guzik, Al{\'a}n},
  journal={ACS Central Science},
  volume={4},
  number={2},
  pages={268--276},
  year={2018},
  publisher={ACS Publications}
}

@article{De2018,
  title={De novo design of new chemical entities with REINVENT},
  author={De Cao, Nicola and Kipf, Thomas},
  journal={ACS Central Science},
  volume={4},
  number={11},
  pages={1708--1719},
  year={2018},
  publisher={ACS Publications}
}

@article{Prykhodko2019,
  title={A de novo molecular generation method using latent vector based generative adversarial network},
  author={Prykhodko, Oleksii and Johansson, Simon V and Kotsias, Panagiotis-Christos and Arús-Pous, Josep and Bjerrum, Esben Jannik and Engkvist, Ola and Chen, Hongming},
  journal={Journal of Cheminformatics},
  volume={11},
  number={1},
  pages={1--13},
  year={2019},
  publisher={Springer}
}

@article{Madhawa2019,
  title={GraphNVP: An invertible flow model for generating molecular graphs},
  author={Madhawa, Kaushalya and Ishiguro, Katsuya and Nakago, Kosuke and Abe, Motoki},
  journal={arXiv preprint arXiv:1905.11600},
  year={2019}
}

@article{Zang2020,
  title={MERMAID: Metaphors for molecular generation},
  author={Zang, Chengxi and Wang, Fei},
  journal={arXiv preprint arXiv:2004.08047},
  year={2020}
}

@article{Olivecrona2017,
  title={Molecular de-novo design through deep reinforcement learning},
  author={Olivecrona, Marcus and Blaschke, Thomas and Engkvist, Ola and Chen, Hongming},
  journal={Journal of Cheminformatics},
  volume={9},
  number={1},
  pages={1--14},
  year={2017},
  publisher={Springer}
}

@article{Popova2018,
  title={Deep reinforcement learning for de novo drug design},
  author={Popova, Mariya and Isayev, Olexandr and Tropsha, Alexander},
  journal={Science Advances},
  volume={4},
  number={7},
  pages={eaap7885},
  year={2018},
  publisher={American Association for the Advancement of Science}
}

@article{Honda2019,
  title={SMILES transformer: Pre-trained molecular fingerprint for low data drug discovery},
  author={Honda, Shion and Shi, Shion and Ueda, Hiroki R},
  journal={arXiv preprint arXiv:1911.04738},
  year={2019}
}

@article{Maziarka2020,
  title={Mol-CycleGAN: a generative model for molecular optimization},
  author={Maziarka, {\L}ukasz and Pocha, Agnieszka and Kaczmarczyk, Jan and Rataj, Krzysztof and Warchoł, Michał},
  journal={Journal of Cheminformatics},
  volume={12},
  number={1},
  pages={1--18},
  year={2020},
  publisher={Springer}
}

@article{Preuer2018,
  title={Fr{\'e}chet ChemNet distance: A metric for generative models for molecules in drug discovery},
  author={Preuer, Kristina and Renz, Philipp and Unterthiner, Thomas and Hochreiter, Sepp and Klambauer, G{\"u}nter},
  journal={Journal of Chemical Information and Modeling},
  volume={58},
  number={9},
  pages={1736--1741},
  year={2018},
  publisher={ACS Publications}
}

@article{Ertl2009,
  title={Estimation of synthetic accessibility score of drug-like molecules based on molecular complexity and fragment contributions},
  author={Ertl, Peter and Schuffenhauer, Ansgar},
  journal={Journal of Cheminformatics},
  volume={1},
  number={1},
  pages={1--11},
  year={2009},
  publisher={Springer}
}

@article{Sterling2015,
  title={ZINC 15--ligand discovery for everyone},
  author={Sterling, Teague and Irwin, John J},
  journal={Journal of Chemical Information and Modeling},
  volume={55},
  number={11},
  pages={2324--2337},
  year={2015},
  publisher={ACS Publications}
}

@article{Baell2010,
  title={The PAINS problem in virtual screening},
  author={Baell, Jonathan B and Holloway, Georgina A},
  journal={Journal of Medicinal Chemistry},
  volume={53},
  number={7},
  pages={2719--2740},
  year={2010},
  publisher={ACS Publications}
}

@article{Bemis1996,
  title={The properties of known drugs. 1. Molecular frameworks},
  author={Bemis, Guy W and Murcko, Mark A},
  journal={Journal of Medicinal Chemistry},
  volume={39},
  number={15},
  pages={2887--2893},
  year={1996},
  publisher={ACS Publications}
}

@article{Jin2018,
  title={Junction tree variational autoencoder for molecular graph generation},
  author={Jin, Wengong and Barzilay, Regina and Jaakkola, Tommi},
  journal={International Conference on Machine Learning},
  pages={2323--2332},
  year={2018},
  organization={PMLR}
}

@article{Madhawa2020,
  title={PaccMann: Prediction of anticancer compound sensitivity with multi-modal attention-based neural networks},
  author={Manica, Matteo and Oskooei, Ali and Born, Jannis and Subramanian, Vigneshwari and S{\'a}ez-Rodr{\'\i}guez, Julio and Mart{\'\i}nez, Mar{\'\i}a Rodr{\'\i}guez},
  journal={Frontiers in Molecular Biosciences},
  volume={7},
  pages={166},
  year={2020},
  publisher={Frontiers}
}

@article{Yang2019,
  title={Analyzing learned molecular representations for property prediction},
  author={Yang, Kevin and Swanson, Kyle and Jin, Wengong and Coley, Connor and Eiden, Philipp and Gao, Hua and Guzman-Perez, Angel and Hopper, Timothy and Kelley, Brian and Mathea, Miriam and others},
  journal={Journal of Chemical Information and Modeling},
  volume={59},
  number={8},
  pages={3370--3388},
  year={2019},
  publisher={ACS Publications}
}

@article{Coley2019,
  title={A graph-convolutional neural network model for the prediction of chemical reactivity},
  author={Coley, Connor W and Jin, Wengong and Rogers, Luke and Jamison, Timothy F and Jaakkola, Tommi S and Green, William H and Barzilay, Regina and Jensen, Klavs F},
  journal={Chemical Science},
  volume={10},
  number={2},
  pages={370--377},
  year={2019},
  publisher={Royal Society of Chemistry}
}

@article{Gaulton2017,
  title={The ChEMBL database in 2017},
  author={Gaulton, Anna and Hersey, Anne and Nowotka, Michał and Bento, A Patricia and Chambers, Jon and Mendez, David and Mutowo, Prudence and Atkinson, Francis and Bellis, Louisa J and Cibrián-Uhalte, Elena and others},
  journal={Nucleic Acids Research},
  volume={45},
  number={D1},
  pages={D945--D954},
  year={2017},
  publisher={Oxford University Press}
}

@article{Kim2019,
  title={PubChem 2019 update: improved access to chemical data},
  author={Kim, Sunghwan and Chen, Jie and Cheng, Tiejun and Gindulyte, Asta and He, Jia and He, Siqian and Li, Qingliang and Shoemaker, Benjamin A and Thiessen, Paul A and Yu, Bo and others},
  journal={Nucleic Acids Research},
  volume={47},
  number={D1},
  pages={D1102--D1109},
  year={2019},
  publisher={Oxford University Press}
}

@article{Bickerton2012,
  title={Quantifying the chemical beauty of drugs},
  author={Bickerton, G Richard and Paolini, Gaia V and Besnard, J{\'e}r{\^o}me and Muresan, Sorel and Hopkins, Andrew L},
  journal={Nature Chemistry},
  volume={4},
  number={2},
  pages={90--98},
  year={2012},
  publisher={Nature Publishing Group}
}

@article{Goodfellow2014,
  title={Generative adversarial nets},
  author={Goodfellow, Ian and Pouget-Abadie, Jean and Mirza, Mehdi and Xu, Bing and Warde-Farley, David and Ozair, Sherjil and Courville, Aaron and Bengio, Yoshua},
  journal={Advances in Neural Information Processing Systems},
  volume={27},
  pages={2672--2680},
  year={2014}
}

@article{Kingma2013,
  title={Auto-encoding variational bayes},
  author={Kingma, Diederik P and Welling, Max},
  journal={arXiv preprint arXiv:1312.6114},
  year={2013}
}

@article{Wildman1999,
  title={Prediction of physicochemical parameters by atomic contributions},
  author={Wildman, Scott A and Crippen, Gordon M},
  journal={Journal of Chemical Information and Computer Sciences},
  volume={39},
  number={5},
  pages={868--873},
  year={1999},
  publisher={ACS Publications}
}

@article{Mullard2016,
  title={2015 FDA drug approvals},
  author={Mullard, Asher},
  journal={Nature Reviews Drug Discovery},
  volume={15},
  number={2},
  pages={73--76},
  year={2016},
  publisher={Nature Publishing Group}
}

@article{Polishchuk2013,
  title={Estimation of the size of drug-like chemical space based on GDB-17 data},
  author={Polishchuk, Pavel G and Madzhidov, Timur I and Varnek, Alexandre},
  journal={Journal of Computer-Aided Molecular Design},
  volume={27},
  number={8},
  pages={675--679},
  year={2013},
  publisher={Springer}
}

@article{Chen2018,
  title={The rise of deep learning in drug discovery},
  author={Chen, Hongming and Engkvist, Ola and Wang, Yinhai and Olivecrona, Marcus and Blaschke, Thomas},
  journal={Drug Discovery Today},
  volume={23},
  number={6},
  pages={1241--1250},
  year={2018},
  publisher={Elsevier}
}

@article{LosRamos2019,
  title={The power of deep learning to ligand-based novel drug discovery},
  author={Los Ramos, Jos{\'e} {\'A}ngel de and Schmidt, Michael and Stumpp, Michael and Kowalewski, Michał},
  journal={Expert Opinion on Drug Discovery},
  volume={14},
  number={9},
  pages={819--832},
  year={2019},
  publisher={Taylor \& Francis}
}

@article{Walters2020,
  title={Applications of deep learning in molecule generation and molecular property prediction},
  author={Walters, W Patrick and Barzilay, Regina},
  journal={Accounts of Chemical Research},
  volume={54},
  number={2},
  pages={263--270},
  year={2020},
  publisher={ACS Publications}
}

@article{Stokes2020,
  title={A deep learning approach to antibiotic discovery},
  author={Stokes, Jonathan M and Yang, Kevin and Swanson, Kyle and Jin, Wengong and Cubillos-Ruiz, Andres and Donghia, Nina M and MacNair, Craig R and French, Shawn and Carfrae, Lindsey A and Bloom-Ackermann, Zohar and others},
  journal={Cell},
  volume={180},
  number={4},
  pages={688--702},
  year={2020},
  publisher={Elsevier}
}

@article{Meyers2021,
  title={De novo molecular design and generative models},
  author={Meyers, Joshua and Fabian, Benedek and Brown, Nathan},
  journal={Drug Discovery Today},
  volume={26},
  number={11},
  pages={2707--2715},
  year={2021},
  publisher={Elsevier}
}

@article{Irwin2022,
  title={The molecular transformer for organic reaction prediction and symbolic inference},
  author={Irwin, Ryan and Dimitriadis, Stanislaw and He, Jiazhen and Bjerrum, Esben Jannik},
  journal={Journal of Chemical Information and Modeling},
  volume={62},
  number={13},
  pages={3204--3213},
  year={2022},
  publisher={ACS Publications}
}

@article{Jimenez-Luna2020,
  title={Exploration strategies for discovery of interacting multi-target drugs},
  author={Jimenez-Luna, Jose and Skalic, Miha and Weskamp, Nils and Schneider, Gisbert},
  journal={Drug Discovery Today},
  volume={25},
  number={2},
  pages={261--267},
  year={2020},
  publisher={Elsevier}
}

@article{Sellwood2018,
  title={Artificial intelligence in drug discovery},
  author={Sellwood, Matthew A and Ahmed, Marwin and Segler, Marwin HS and Brown, Nathan},
  journal={Future Medicinal Chemistry},
  volume={10},
  number={17},
  pages={2025--2028},
  year={2018},
  publisher={Future Science}
}

@article{Corso2022,
  title={DiffDock: Diffusion steps, twists, and turns for molecular docking},
  author={Corso, Gabriele and Stärk, Hannes and Jing, Bowen and Barzilay, Regina and Jaakkola, Tommi},
  journal={arXiv preprint arXiv:2210.01776},
  year={2022}
}

@article{Thomas2022,
  title={MolGPT: Molecular generation using a transformer-decoder model},
  author={Thomas, Matthew and Smith, Robert T and O'Boyle, Noel M and de Graaf, Chris and Bender, Andreas},
  journal={Journal of Cheminformatics},
  volume={14},
  number={1},
  pages={1--19},
  year={2022},
  publisher={Springer}
}

@article{Moret2020,
  title={Generative models for molecular discovery: Recent advances and challenges},
  author={Moret, Maria and Friedrich, Lukas and Grisoni, Francesca and Merk, Daniel and Schneider, Gisbert},
  journal={Wiley Interdisciplinary Reviews: Computational Molecular Science},
  volume={10},
  number={3},
  pages={e1460},
  year={2020},
  publisher={Wiley Online Library}
}

@article{Xu2021,
  title={Deep learning for drug design: an artificial intelligence paradigm for drug discovery in the big data era},
  author={Xu, Yanjun and Lin, Kai and Wang, Sisheng and Wang, Liwei and Cai, Chen and Song, Cheng and Lai, Luhua and Pei, Jianfeng},
  journal={Medicinal Research Reviews},
  volume={41},
  number={4},
  pages={1734--1766},
  year={2021},
  publisher={Wiley Online Library}
}

@article{Blaschke2018,
  title={Application of generative autoencoder in de novo molecular design},
  author={Blaschke, Thomas and Olivecrona, Marcus and Engkvist, Ola and Bajorath, J{\"u}rgen and Chen, Hongming},
  journal={Molecular Informatics},
  volume={37},
  number={1-2},
  pages={1700123},
  year={2018},
  publisher={Wiley Online Library}
}

@article{Atance2022,
  title={A practical guide to molecular generative models},
  author={Atance, Sergio R and Diez, Juan V and Engkvist, Ola},
  journal={Journal of Cheminformatics},
  volume={14},
  number={1},
  pages={1--19},
  year={2022},
  publisher={Springer}
}

@article{Maragakis2020,
  title={Machine learning force fields and coarse-grained variables in molecular dynamics: application to materials and biological systems},
  author={Maragakis, Paul and Alldritt, Benjamin and Ashton, Michael and Hennel, Szymon and Sorge, Jacob B},
  journal={Journal of Chemical Theory and Computation},
  volume={16},
  number={8},
  pages={4651--4665},
  year={2020},
  publisher={ACS Publications}
}

@article{Arús-Pous2019,
  title={Randomized SMILES strings improve the quality of molecular generative models},
  author={Ar{\'u}s-Pous, Josep and Blaschke, Thomas and Ulander, Silje and Reymond, Jean-Louis and Chen, Hongming and Engkvist, Ola},
  journal={Journal of Cheminformatics},
  volume={11},
  number={1},
  pages={1--13},
  year={2019},
  publisher={Springer}
}

@article{Gómez-Bombarelli2016,
  title={Design of efficient molecular organic light-emitting diodes by a high-throughput virtual screening and experimental approach},
  author={G{\'o}mez-Bombarelli, Rafael and Aguilera-Iparraguirre, Jorge and Hirzel, Timothy D and Duvenaud, David and Maclaurin, Dougal and Blood-Forsythe, Martin A and Chae, Hyun Sik and Einzinger, Markus and Ha, Dong-Gwang and Wu, Tony and others},
  journal={Nature Materials},
  volume={15},
  number={10},
  pages={1120--1127},
  year={2016},
  publisher={Nature Publishing Group}
}

@article{Yoshikawa2019,
  title={Population-based de novo molecule generation, using grammatical evolution},
  author={Yoshikawa, Naruki and Terayama, Kei and Sumita, Masato and Homma, Teppei and Oono, Kenta and Tsuda, Koji},
  journal={Chemistry Letters},
  volume={47},
  number={11},
  pages={1431--1434},
  year={2019},
  publisher={The Chemical Society of Japan}
}

@article{Coley2020,
  title={Autonomous discovery in the chemical sciences part I: Progress},
  author={Coley, Connor W and Eyke, Natalie S and Jensen, Klavs F},
  journal={Angewandte Chemie International Edition},
  volume={59},
  number={51},
  pages={22858--22893},
  year={2020},
  publisher={Wiley Online Library}
}

@article{Panteleev2018,
  title={Recent applications of machine learning in drug discovery},
  author={Panteleev, J and Gao, H and Jia, Lei},
  journal={Bioorganic \& Medicinal Chemistry Letters},
  volume={28},
  number={17},
  pages={2807--2815},
  year={2018},
  publisher={Elsevier}
}

@article{Winter2019,
  title={Learning continuous and data-driven molecular descriptors by translating equivalent chemical representations},
  author={Winter, Robin and Montanari, Floriane and No{\'e}, Frank and Clevert, Djork-Arn{\'e}},
  journal={Chemical Science},
  volume={10},
  number={6},
  pages={1692--1701},
  year={2019},
  publisher={Royal Society of Chemistry}
} 